@incollection{scott2007gender,
  title={Gender as a useful category of historical analysis},
  author={Scott, Joan Wallach},
  booktitle={Culture, society and sexuality},
  pages={77--97},
  year={2007},
  publisher={Routledge}
}
@incollection{epstein2006similarity,
  title={Similarity and Difference},
  author={Epstein, Cynthia Fuchs},
  booktitle={Handbook of the Sociology of Gender},
  pages={45--61},
  year={2006},
  publisher={Springer}
}
@article{bernheim1994theory,
  title={A theory of conformity},
  author={Bernheim, B Douglas},
  journal={Journal of political Economy},
  volume={102},
  number={5},
  pages={841--877},
  year={1994},
  publisher={The University of Chicago Press}
}
@article{akerlof2000economics,
  title={Economics and identity},
  author={Akerlof, George A and Kranton, Rachel E},
  journal={The Quarterly Journal of Economics},
  volume={115},
  number={3},
  pages={715--753},
  year={2000},
  publisher={MIT Press}
}
@incollection{cardenas2008discrimination,
  title={Discrimination in the provision of social services to the poor: a field experimental study},
  author={Cárdenas, Juan-Camilo and Candelo, Natalia and Gaviria, Alejandro and Polanía, Sandra and Sethi, Rajiv},
  booktitle={Discrimination in Latin America. An Economic Perspective},
  year={2008},
  publisher={IDB}
}
@techreport{giuliano2017gender,
  title={Gender: An historical perspective},
  author={Giuliano, Paola},
  year={2017},
  institution={National Bureau of Economic Research}
}
@article{lundborg2017childrencareer,
  title={Can women have children and a career? IV evidence from IVF treatments},
  author={Lundborg, Petter and Plug, Erik and Rasmussen, Astrid W{\"u}rtz},
  journal={American Economic Review},
  volume={107},
  number={6},
  pages={1611--37},
  year={2017}
}
@article{bertrand2015genderandincome,
  title={Gender identity and relative income within households},
  author={Bertrand, Marianne and Kamenica, Emir and Pan, Jessica},
  journal={The Quarterly Journal of Economics},
  volume={130},
  number={2},
  pages={571--614},
  year={2015},
  publisher={MIT Press}
}
@article{nollenberger2016mathgap,
  title={The math gender gap: The role of culture},
  author={Nollenberger, Natalia and Rodr{\'\i}guez-Planas, N{\'u}ria and Sevilla, Almudena},
  journal={American Economic Review},
  volume={106},
  number={5},
  pages={257--61},
  year={2016}
}
@techreport{kleven2018children,
  title={Children and gender inequality: Evidence from Denmark},
  author={Kleven, Henrik and Landais, Camille and S{\o}gaard, Jakob Egholt},
  year={2018},
  institution={National Bureau of Economic Research}
}
@article{sapienza2009genderriskaversion,
  title={Gender differences in financial risk aversion and career choices are affected by testosterone},
  author={Sapienza, Paola and Zingales, Luigi and Maestripieri, Dario},
  journal={Proceedings of the National Academy of Sciences},
  pages={pnas--0907352106},
  year={2009},
  publisher={National Acad Sciences}
}
@article{van2012testosteroneandcoperation,
  title={New evidence on testosterone and cooperation},
  author={Van Honk, Jack and Montoya, Estrella R and Bos, Peter A and Van Vugt, Mark and Terburg, David},
  journal={Nature},
  volume={485},
  number={7399},
  pages={E4},
  year={2012},
  publisher={Nature Publishing Group}
}
@article{zethraeus2009rctestrogentestosterone,
  title={A randomized trial of the effect of estrogen and testosterone on economic behavior},
  author={Zethraeus, Niklas and Kocoska-Maras, Ljiljana and Ellingsen, Tore and Von Schoultz, BO and Hirschberg, Angelica Lind{\'e}n and Johannesson, Magnus},
  journal={Proceedings of the National Academy of Sciences},
  volume={106},
  number={16},
  pages={6535--6538},
  year={2009},
  publisher={National Acad Sciences}
}
@article{eisenegger2010testosteroneandbargainign,
  title={Prejudice and truth about the effect of testosterone on human bargaining behaviour},
  author={Eisenegger, Christoph and Naef, Michael and Snozzi, Romana and Heinrichs, Markus and Fehr, Ernst},
  journal={Nature},
  volume={463},
  number={7279},
  pages={356},
  year={2010},
  publisher={Nature Publishing Group}
}
@article{solnick2001genderultimatumgame,
  title={Gender differences in the ultimatum game},
  author={Solnick, Sara J},
  journal={Economic Inquiry},
  volume={39},
  number={2},
  pages={189--200},
  year={2001},
  publisher={Wiley Online Library}
}
@article{eckel2001chivalryultimatumgame,
  title={Chivalry and solidarity in ultimatum games},
  author={Eckel, Catherine C and Grossman, Philip J},
  journal={Economic Inquiry},
  volume={39},
  number={2},
  pages={171--188},
  year={2001},
  publisher={Wiley Online Library}
}
@article{gomez2018gendernegociacion,
  title={Negociación y preferencias económicas por género: evidencia experimental en México},
  author={Gómez, Eva Olimpia Arceo and Vázquez, Raymundo Miguel Campos and Cortina, Eduardo M Medina and Grajales, Roberto Vélez},
  journal={El Trimestre Económico},
  volume={85},
  number={339},
  pages={645--678},
  year={2018}
}
@article{buchan2008trustandgender,
  title={Trust and gender: An examination of behavior and beliefs in the Investment Game},
  author={Buchan, Nancy R and Croson, Rachel TA and Solnick, Sara},
  journal={Journal of Economic Behavior \& Organization},
  volume={68},
  number={3-4},
  pages={466--476},
  year={2008},
  publisher={Elsevier}
}
@article{espinosa2015prosocialandgender,
  title={Prosocial behavior and gender},
  author={Espinosa, María Paz and Ková{\v{r}}ík, Jaromír},
  journal={Frontiers in behavioral neuroscience},
  volume={9},
  pages={88},
  year={2015},
  publisher={Frontiers}
}
@article{beauviour1949segundosexo,
  title={El segundo sexo},
  author={De Beauvoir, Simone},
  journal={Los hechos y los mitos},
  volume={1},
  year={1949}
}
@book{butler2002gendertrouble,
  title={Gender trouble},
  author={Butler, Judith},
  year={2002},
  publisher={routledge}
}
@book{lindsey2015genderroles,
  title={Gender roles: A sociological perspective},
  author={Lindsey, Linda L},
  year={2015},
  publisher={Routledge}
}
@incollection{stockard2006gender,
  title={Gender socialization},
  author={Stockard, Jean},
  booktitle={Handbook of the Sociology of Gender},
  pages={215--227},
  year={2006},
  publisher={Springer}
}
@article{meerwijk2017transgender,
  title={Transgender population size in the United States: a meta-regression of population-based probability samples},
  author={Meerwijk, Esther L and Sevelius, Jae M},
  journal={American journal of public health},
  volume={107},
  number={2},
  pages={e1--e8},
  year={2017},
  publisher={American Public Health Association}
}
@article{greenwald2000using,
  title={Using the implicit association test to measure self-esteem and self-concept.},
  author={Greenwald, Anthony G and Farnham, Shelly D},
  journal={Journal of personality and social psychology},
  volume={79},
  number={6},
  pages={1022},
  year={2000},
  publisher={American Psychological Association}
}
@article{fang2005dysfunctional,
  title={``{D}ysfunctional Identities'' Can Be Rational},
  author={Fang, Hanming and Loury, Glenn C},
  journal={American Economic Review},
  volume={95},
  number={2},
  pages={104--111},
  year={2005}
}
@article{gneezy2009gender,
  title={Gender differences in competition: Evidence from a matrilineal and a patriarchal society},
  author={Gneezy, Uri and Leonard, Kenneth L and List, John A},
  journal={Econometrica},
  volume={77},
  number={5},
  pages={1637--1664},
  year={2009},
  publisher={Wiley Online Library}
}
@article{croson2009gender,
  title={Gender differences in preferences},
  author={Croson, Rachel and Gneezy, Uri},
  journal={Journal of Economic literature},
  volume={47},
  number={2},
  pages={448--74},
  year={2009}
}
@article{cardenas2012gender,
  title={Gender differences in competitiveness and risk taking: Comparing children in Colombia and Sweden},
  author={Cárdenas, Juan-Camilo and Dreber, Anna and Von Essen, Emma and Ranehill, Eva},
  journal={Journal of Economic Behavior \& Organization},
  volume={83},
  number={1},
  pages={11--23},
  year={2012},
  publisher={Elsevier}
}
@book{kahneman2011thinking,
  title={Thinking, fast and slow},
  author={Kahneman, Daniel},
  volume={1},
  year={2011},
  publisher={Farrar, Straus and Giroux New York}
}
@article{paudel2009analysis,
  title={An Analysis of Rank Ordered Data},
  author={Paudel, Krishna P and Poudel, Biswo N and Dunn, Michael A and Pandit, Mahesh and others},
  year={2009}
}
@unpublished{beautifulorwhite2012,
  title={Beautiful or White? Discrimination in group formation},
  author={Castillo, Marco and Petrie, Ragan and Torero, Maximo},
  year={2012},
  note={GMU working paper in economics},
}
@unpublished{saltiel2019gendergapinSTEM,
  title={What’s Math Got to Do With It? Multidimensional Ability and the Gender Gap in STEM},
  author={Saltiel, Fernando},
  year={2019},
  note={Meeting paper for Society for Economic Dynamics}
}
@article{spencer1999mathgenderstereotype,
  title={Stereotype threat and women's math performance},
  author={Spencer, Steven J and Steele, Claude M and Quinn, Diane M},
  journal={Journal of experimental social psychology},
  volume={35},
  number={1},
  pages={4--28},
  year={1999},
  publisher={Elsevier}
}
@article{cvencek2011mathgenderstereotype,
  title={Math--gender stereotypes in elementary school children},
  author={Cvencek, Dario and Meltzoff, Andrew N and Greenwald, Anthony G},
  journal={Child development},
  volume={82},
  number={3},
  pages={766--779},
  year={2011},
  publisher={Wiley Online Library}
}
@article{Robinson2012incomeallocationandshocks,
    author = {Robinson, Jonathan},
    isbn = {1945-7782},
    issn = {19457782},
    journal = {American Economic Journal: Applied Economics},
    number = {4},
    pages = {140--164},
    title = {{Limited insurance within the household: Evidence from a field experiment in Kenya}},
    volume = {4},
    year = {2012}
}
@article{floro1995gendertimeallocation,
  title={Economic restructuring, gender and the allocation of time},
  author={Floro, Maria Sagrario},
  journal={World Development},
  volume={23},
  number={11},
  pages={1913--1929},
  year={1995},
  publisher={Elsevier}
}
@unpublished{urdinola2017timeusegender,
  title={Time use and gender in {C}olombia},
  author={Urdinola, B Piedad and Tovar, Jorge A},
  year={2017},
  note={NTA Working Paper 17-06} 
}
@article{chakravarty2017discriminationexclusion,
  title={Discrimination via exclusion: An experiment on group identity and club goods},
  author={Chakravarty, Surajeet and Fonseca, Miguel A},
  journal={Journal of Public Economic Theory},
  volume={19},
  number={1},
  pages={244--263},
  year={2017},
  publisher={Wiley Online Library}
}
@article{halevy2012ingroupoutgroup,
  title={“In-group love” and “out-group hate” in repeated interaction between groups},
  author={Halevy, Nir and Weisel, Ori and Bornstein, Gary},
  journal={Journal of Behavioral Decision Making},
  volume={25},
  number={2},
  pages={188--195},
  year={2012},
  publisher={Wiley Online Library}
}
@article{tajfel1971intergroupbehaviour,
  title={Social categorization and intergroup behaviour},
  author={Tajfel, Henri and Billig, Michael G and Bundy, Robert P and Flament, Claude},
  journal={European journal of social psychology},
  volume={1},
  number={2},
  pages={149--178},
  year={1971},
  publisher={Wiley Online Library}
}
@article{chen2009groupidentity,
  title={Group identity and social preferences},
  author={Chen, Yan and Li, Sherry Xin},
  journal={American Economic Review},
  volume={99},
  number={1},
  pages={431--57},
  year={2009}
}
@article{otree,
  author = {Chen, Daniel and Schonger, Martin and Wickens, Chris},
  year = {2016},
  month = {01},
  pages = {},
  title = {oTree—An open-source platform for laboratory, online, and field experiments},
  volume = {9},
  journal = {Journal of Behavioral and Experimental Finance},
  doi = {10.1016/j.jbef.2015.12.001}
}
@unpublished{howyoulookorspeak,
  title = {Is it how you look or speak that matters? An experimental study exploring the mechanisms of ethnic discrimination},
  author = {R{\"{o}}din, M and {\"{O}}zcan, G},
  year={2011},
  note = {Research Papers in Economics}
}
@article{hoffdiscriminationsocialidentity,
  title={Discrimination, social identity, and durable inequalities},
  author={Hoff, Karla and Pandey, Priyanka},
  journal={American Economic Review},
  volume={96},
  number={2},
  pages={206--211},
  year={2006}
}
@article{mobius2006whybeautymatters,
  title={Why beauty matters},
  author={Mobius, Markus M and Rosenblat, Tanya S},
  journal={American Economic Review},
  volume={96},
  number={1},
  pages={222--235},
  year={2006}
}
@article{niederle2013howcostlyisdiversity,
  title={How costly is diversity? Affirmative action in light of gender differences in competitiveness},
  author={Niederle, Muriel and Segal, Carmit and Vesterlund, Lise},
  journal={Management Science},
  volume={59},
  number={1},
  pages={1--16},
  year={2013},
  publisher={INFORMS}
}